@article{North_1968,
	doi = {10.1109/tssc.1968.300114},
	url = {https://doi.org/10.1109%2Ftssc.1968.300114},
	year = 1968,
	publisher = {Institute of Electrical and Electronics Engineers ({IEEE})},
	volume = {4},
	number = {3},
	pages = {200--210},
	author = {D. North},
	title = {A Tutorial Introduction to Decision Theory},
	journal = {{IEEE} Transactions on Systems Science and Cybernetics}
}

@techreport{heckerman1994troubleshooting,
  title={Troubleshooting under uncertainty},
  author={Heckerman, David and Breese, John and Rommelse, Koos},
	year=1994,
	institution={Microsoft Research Technical Report MSR-TR-94-07}
}

@article{Heckerman_1995,
	doi = {10.1145/203330.203341},
	url = {https://doi.org/10.1145%2F203330.203341},
	year = 1995,
	month = {mar},
	publisher = {Association for Computing Machinery ({ACM})},
	volume = {38},
	number = {3},
	pages = {49--57},
	author = {David Heckerman and John S. Breese and Koos Rommelse},
	title = {Decision-theoretic troubleshooting},
	journal = {Communications of the {ACM}}
}

@article{Jensen_2001,
	doi = {10.1017/s0890060401154065},
	url = {https://doi.org/10.1017%2Fs0890060401154065},
	year = 2001,
	month = {sep},
	publisher = {Cambridge University Press ({CUP})},
	volume = {15},
	number = {4},
	pages = {321--333},
	author = {Finn V. Jensen and Uffe Kj{\ae}rulff and Brian Kristiansen and Helge Langseth and Claus Skaanning and Ji{\v{r}}{\'{i}} Vomlel and Marta Vomlelov{\'{a}}},
	title = {The {SACSO} methodology for troubleshooting complex systems},
	journal = {Artificial Intelligence for Engineering Design, Analysis and Manufacturing}
}

@article{Langseth_2003,
	doi = {10.1016/s0951-8320(02)00202-8},
	url = {https://doi.org/10.1016%2Fs0951-8320%2802%2900202-8},
	year = 2003,
	month = {apr},
	publisher = {Elsevier {BV}},
	volume = {80},
	number = {1},
	pages = {49--62},
	author = {H Langseth},
	title = {Decision theoretic troubleshooting of coherent systems},
	journal = {Reliability Engineering {\&} System Safety}
}

@article{Braziunas_2008,
	doi = {10.1609/aimag.v29i4.2203},
	url = {https://doi.org/10.1609%2Faimag.v29i4.2203},
	year = 2008,
	month = {dec},
	publisher = {Association for the Advancement of Artificial Intelligence ({AAAI})},
	volume = {29},
	number = {4},
	pages = {79},
	author = {Darius Braziunas and Craig Boutilier},
	title = {Elicitation of Factored Utilities},
	journal = {{AI} Magazine}
}

@article{Vomlelov__2003,
	doi = {10.1002/int.10087},
	url = {https://doi.org/10.1002%2Fint.10087},
	year = 2003,
	month = {jan},
	publisher = {Wiley},
	volume = {18},
	number = {2},
	pages = {267--277},
	author = {Marta Vomlelov{\'{a}}},
	title = {Complexity of decision-theoretic troubleshooting},
	journal = {International Journal of Intelligent Systems}
}

@article{L_n_2014,
	doi = {10.1016/j.ijar.2013.07.003},
	url = {https://doi.org/10.1016%2Fj.ijar.2013.07.003},
	year = 2014,
	month = {jun},
	publisher = {Elsevier {BV}},
	volume = {55},
	number = {4},
	pages = {977--988},
	author = {V{\'{a}}clav L{\'{\i}}n},
	title = {Decision-theoretic troubleshooting: Hardness of approximation},
	journal = {International Journal of Approximate Reasoning}
}

@book{Jensen_2007,
	doi = {10.1007/978-0-387-68282-2},
	url = {https://doi.org/10.1007%2F978-0-387-68282-2},
	year = 2007,
	publisher = {Springer New York},
	author = {Finn V. Jensen and Thomas D. Nielsen},
	title = {Bayesian Networks and Decision Graphs},
	address = {New York, NY}
}

@article{howard_information_1966,
	doi = {10.1109/tssc.1966.300074},
	url = {https://doi.org/10.1109%2Ftssc.1966.300074},
	year = 1966,
	publisher = {Institute of Electrical and Electronics Engineers ({IEEE})},
	volume = {2},
	number = {1},
	pages = {22--26},
	author = {Ronald Howard},
	title = {Information Value Theory},
	journal = {{IEEE} Transactions on Systems Science and Cybernetics}
}

@inproceedings{chajewska_making_2000,
author = {Chajewska, Urszula and Koller, Daphne and Parr, Ronald},
title = {Making Rational Decisions Using Adaptive Utility Elicitation},
year = {2000},
isbn = {0262511126},
publisher = {AAAI Press},
booktitle = {Proceedings of the Seventeenth National Conference on Artificial Intelligence and Twelfth Conference on Innovative Applications of Artificial Intelligence},
pages = {363--369},
}

@inproceedings{iyengar_q-eval_2001,
author = {Iyengar, Vijay S. and Lee, Jon and Campbell, Murray},
title = {Evaluating Multiple Attribute Items Using Queries},
year = {2001},
isbn = {1581133871},
publisher = {Association for Computing Machinery},
address = {New York, NY, USA},
url = {https://doi.org/10.1145/501158.501174},
doi = {10.1145/501158.501174},
booktitle = {Proceedings of the 3rd ACM Conference on Electronic Commerce},
pages = {144--153},
location = {Tampa, Florida, USA},
series = {EC ’01}
}

@inproceedings{boutilier_pomdp_2002,
author = {Boutilier, Craig},
title = {A {POMDP} Formulation of Preference Elicitation Problems},
year = {2002},
isbn = {0262511290},
publisher = {American Association for Artificial Intelligence},
address = {USA},
booktitle = {Eighteenth National Conference on Artificial Intelligence},
pages = {239--246},
location = {Edmonton, Alberta, Canada}
}

@inproceedings{braziunas_local_2005,
author = {Braziunas, Darius and Boutilier, Craig},
title = {Local Utility Elicitation in GAI Models},
year = {2005},
isbn = {0974903914},
publisher = {AUAI Press},
address = {Arlington, Virginia, USA},
booktitle = {Proceedings of the Twenty-First Conference on Uncertainty in Artificial Intelligence},
pages = {42--49},
location = {Edinburgh, Scotland},
series = {UAI'05}
}

@inproceedings{price_optimal_2005,
author = {Price, Bob and Messinger, Paul R.},
title = {Optimal Recommendation Sets: Covering Uncertainty over User Preferences},
year = {2005},
isbn = {157735236x},
publisher = {AAAI Press},
booktitle = {Proceedings of the 20th National Conference on Artificial Intelligence - Volume 2},
pages = {541--548},
location = {Pittsburgh, Pennsylvania},
series = {AAAI’05}
}

@inproceedings{viappiani_optimal_2005,
author = {Viappiani, Paolo and Boutilier, Craig},
title = {Optimal {B}ayesian Recommendation Sets and Myopically Optimal Choice Query Sets},
year = {2010},
publisher = {Curran Associates Inc.},
address = {Red Hook, NY, USA},
booktitle = {Proceedings of the 23rd International Conference on Neural Information Processing Systems - Volume 2},
pages = {2352--2360},
location = {Vancouver, British Columbia, Canada},
series = {NIPS’10}
}

@book {vonNeumann1953Theory,
    AUTHOR = {von Neumann, John and Morgenstern, Oskar},
     TITLE = {Theory of games and economic behavior},
   EDITION = {third},
 PUBLISHER = {Princeton University Press, Princeton, N.J.},
      YEAR = {1953}
}

@incollection{Gonzales_2017,
	doi = {10.1007/978-3-319-60045-1_20},
	url = {https://doi.org/10.1007%2F978-3-319-60045-1_20},
	year = 2017,
	publisher = {Springer International Publishing},
	pages = {171--177},
	author = {Christophe Gonzales and Lionel Torti and Pierre-Henri Wuillemin},
	title = {{aGrUM}: A Graphical Universal Model Framework},
	booktitle = {Advances in Artificial Intelligence: From Theory to Practice}
}

@article {Boutilier2006Constraint,
    AUTHOR = {Boutilier, Craig and Patrascu, Relu and Poupart, Pascal and
              Schuurmans, Dale},
     TITLE = {Constraint-based optimization and utility elicitation using
              the minimax decision criterion},
   JOURNAL = {Artificial Intelligence},
  FJOURNAL = {Artificial Intelligence},
    VOLUME = {170},
      YEAR = {2006},
    NUMBER = {8-9},
     PAGES = {686--713},
      ISSN = {0004-3702},
   MRCLASS = {91B06 (68T20 90C90)},
  MRNUMBER = {2235210},
       DOI = {10.1016/j.artint.2006.02.003},
       URL = {https://doi.org/10.1016/j.artint.2006.02.003},
}